@article{matsui,
  year = {1991},
  volume = {6},
  number = {4-6},
  pages = {239--244},
  author = {Masanori Matsui and Masaki Akaogi},
  title = {Molecular Dynamics Simulation of the Structural and Physical 
           Properties of the Four Polymorphs of {TiO}2},
  journal = {Molecular Simulation}
}

@article{parallel,
  author = {Tange, O.},
  journal = {;login: The USENIX Magazine},
  number = {1},
  pages = {42-47},
  title = {GNU Parallel - The Command-Line Power Tool},
  volume = {36},
  year = {2011}
}
